<marcxml:record xmlns:marcxml="http://www.loc.gov/MARC21/slim" xmlns:mets="http://www.loc.gov/METS/" xmlns:bf="http://id.loc.gov/ontologies/bibframe/" xmlns:bflc="http://id.loc.gov/ontologies/bflc/" xmlns:madsrdf="http://www.loc.gov/mads/rdf/v1#" xmlns:rdf="http://www.w3.org/1999/02/22-rdf-syntax-ns#" xmlns:ri="http://id.loc.gov/ontologies/RecordInfo#" xmlns:idx="info:lc/xq-modules/lcindex" xmlns:semtriples="http://marklogic.com/semantic" xmlns:xsi="http://www.w3.org/2001/XMLSchema-instance" xmlns:xlink="http://www.w3.org/1999/xlink" xmlns:streams="info:lc/streams#">
  <marcxml:leader>02939cam a2200409 i 4500</marcxml:leader>
  <marcxml:controlfield tag="001">17943812</marcxml:controlfield>
  <marcxml:controlfield tag="005">20171204154315.0</marcxml:controlfield>
  <marcxml:controlfield tag="008">131115s2014    nyu           000 1 eng  </marcxml:controlfield>
  <marcxml:datafield tag="906" ind1=" " ind2=" ">
    <marcxml:subfield code="a">7</marcxml:subfield>
    <marcxml:subfield code="b">cbc</marcxml:subfield>
    <marcxml:subfield code="c">orignew</marcxml:subfield>
    <marcxml:subfield code="d">1</marcxml:subfield>
    <marcxml:subfield code="e">ecip</marcxml:subfield>
    <marcxml:subfield code="f">20</marcxml:subfield>
    <marcxml:subfield code="g">y-gencatlg</marcxml:subfield>
  </marcxml:datafield>
  <marcxml:datafield tag="925" ind1="0" ind2=" ">
    <marcxml:subfield code="a">acquire</marcxml:subfield>
    <marcxml:subfield code="b">1 shelf copies</marcxml:subfield>
    <marcxml:subfield code="x">policy default</marcxml:subfield>
  </marcxml:datafield>
  <marcxml:datafield tag="955" ind1=" " ind2=" ">
    <marcxml:subfield code="b">xk10 2013-11-15</marcxml:subfield>
    <marcxml:subfield code="i">xk10 2013-11-15(Telework) to CIP (dewey complete)</marcxml:subfield>
    <marcxml:subfield code="a">xn02 2014-05-12 1 copy rec'd., to CIP ver.</marcxml:subfield>
    <marcxml:subfield code="f">rk06 2014-05-30 to BCCD</marcxml:subfield>
    <marcxml:subfield code="t">xk06 2014-10-07 copy 2-3 to CALM</marcxml:subfield>
    <marcxml:subfield code="b">hb09 2017-12-04 copy to LOAN</marcxml:subfield>
  </marcxml:datafield>
  <marcxml:datafield tag="010" ind1=" " ind2=" ">
    <marcxml:subfield code="a">  2013041337</marcxml:subfield>
  </marcxml:datafield>
  <marcxml:datafield tag="020" ind1=" " ind2=" ">
    <marcxml:subfield code="a">9780374104108 (pbk.)</marcxml:subfield>
  </marcxml:datafield>
  <marcxml:datafield tag="020" ind1=" " ind2=" ">
    <marcxml:subfield code="z">9780374710781 (ebook)</marcxml:subfield>
  </marcxml:datafield>
  <marcxml:datafield tag="040" ind1=" " ind2=" ">
    <marcxml:subfield code="a">DLC</marcxml:subfield>
    <marcxml:subfield code="b">eng</marcxml:subfield>
    <marcxml:subfield code="c">DLC</marcxml:subfield>
    <marcxml:subfield code="e">rda</marcxml:subfield>
    <marcxml:subfield code="d">DLC</marcxml:subfield>
  </marcxml:datafield>
  <marcxml:datafield tag="042" ind1=" " ind2=" ">
    <marcxml:subfield code="a">pcc</marcxml:subfield>
  </marcxml:datafield>
  <marcxml:datafield tag="050" ind1="0" ind2="0">
    <marcxml:subfield code="a">PS3572.A4284</marcxml:subfield>
    <marcxml:subfield code="b">A93 2014</marcxml:subfield>
  </marcxml:datafield>
  <marcxml:datafield tag="082" ind1="0" ind2="0">
    <marcxml:subfield code="a">813/.54</marcxml:subfield>
    <marcxml:subfield code="2">23</marcxml:subfield>
  </marcxml:datafield>
  <marcxml:datafield tag="084" ind1=" " ind2=" ">
    <marcxml:subfield code="a">FIC019000</marcxml:subfield>
    <marcxml:subfield code="a">FIC009000</marcxml:subfield>
    <marcxml:subfield code="2">bisacsh</marcxml:subfield>
  </marcxml:datafield>
  <marcxml:datafield tag="100" ind1="1" ind2=" ">
    <marcxml:subfield code="a">VanderMeer, Jeff.</marcxml:subfield>
  </marcxml:datafield>
  <marcxml:datafield tag="245" ind1="1" ind2="0">
    <marcxml:subfield code="a">Authority /</marcxml:subfield>
    <marcxml:subfield code="c">Jeff VanderMeer.</marcxml:subfield>
  </marcxml:datafield>
  <marcxml:datafield tag="250" ind1=" " ind2=" ">
    <marcxml:subfield code="a">First Edition.</marcxml:subfield>
  </marcxml:datafield>
  <marcxml:datafield tag="264" ind1=" " ind2="1">
    <marcxml:subfield code="a">New York :</marcxml:subfield>
    <marcxml:subfield code="b">Farrar, Straus and Giroux,</marcxml:subfield>
    <marcxml:subfield code="c">2014.</marcxml:subfield>
  </marcxml:datafield>
  <marcxml:datafield tag="300" ind1=" " ind2=" ">
    <marcxml:subfield code="a">341 pages ;</marcxml:subfield>
    <marcxml:subfield code="c">19 cm.</marcxml:subfield>
  </marcxml:datafield>
  <marcxml:datafield tag="336" ind1=" " ind2=" ">
    <marcxml:subfield code="a">text</marcxml:subfield>
    <marcxml:subfield code="2">rdacontent</marcxml:subfield>
  </marcxml:datafield>
  <marcxml:datafield tag="337" ind1=" " ind2=" ">
    <marcxml:subfield code="a">unmediated</marcxml:subfield>
    <marcxml:subfield code="2">rdamedia</marcxml:subfield>
  </marcxml:datafield>
  <marcxml:datafield tag="338" ind1=" " ind2=" ">
    <marcxml:subfield code="a">volume</marcxml:subfield>
    <marcxml:subfield code="2">rdacarrier</marcxml:subfield>
  </marcxml:datafield>
  <marcxml:datafield tag="490" ind1="0" ind2=" ">
    <marcxml:subfield code="a">The Southern Reach trilogy ;</marcxml:subfield>
    <marcxml:subfield code="v">2</marcxml:subfield>
  </marcxml:datafield>
  <marcxml:datafield tag="520" ind1=" " ind2=" ">
    <marcxml:subfield code="a">"In the second volume of the Southern Reach Trilogy, questions are answered, stakes are raised, and mysteries are deepened.  In Annihilation, Jeff VanderMeer introduced Area X--a remote and lush terrain mysteriously sequestered from civilization. This was the first volume of a projected trilogy; well in advance of publication, translation rights had already sold around the world and a major movie deal had been struck.  Just months later, Authority, the second volume, is here. For thirty years, the only human engagement with Area X has taken the form of a series of expeditions monitored by a secret agency called the Southern Reach. After the disastrous twelfth expedition chronicled in Annihilation, the Southern Reach is in disarray, and John Rodriguez, aka "Control," is the team's newly appointed head. From a series of interrogations, a cache of hidden notes, and hours of profoundly troubling video footage, the secrets of Area X begin to reveal themselves--and what they expose pushes Control to confront disturbing truths about both himself and the agency he's promised to serve. And the consequences will spread much further than that.  The Southern Reach trilogy will conclude in fall 2014 with Acceptance"--</marcxml:subfield>
    <marcxml:subfield code="c">Provided by publisher.</marcxml:subfield>
  </marcxml:datafield>
  <marcxml:datafield tag="520" ind1=" " ind2=" ">
    <marcxml:subfield code="a">"In the second volume of the Southern Reach trilogy, Area X's most troubling questions are answered... but the answers are far from reassuring"--</marcxml:subfield>
    <marcxml:subfield code="c">Provided by publisher.</marcxml:subfield>
  </marcxml:datafield>
  <marcxml:datafield tag="650" ind1=" " ind2="7">
    <marcxml:subfield code="a">FICTION / Literary.</marcxml:subfield>
    <marcxml:subfield code="2">bisacsh</marcxml:subfield>
  </marcxml:datafield>
  <marcxml:datafield tag="650" ind1=" " ind2="7">
    <marcxml:subfield code="a">FICTION / Fantasy / General.</marcxml:subfield>
    <marcxml:subfield code="2">bisacsh</marcxml:subfield>
  </marcxml:datafield>
  <marcxml:datafield tag="655" ind1=" " ind2="7">
    <marcxml:subfield code="a">Science fiction.</marcxml:subfield>
    <marcxml:subfield code="2">gsafd</marcxml:subfield>
  </marcxml:datafield>
  <marcxml:datafield tag="655" ind1=" " ind2="7">
    <marcxml:subfield code="a">Adventure fiction.</marcxml:subfield>
    <marcxml:subfield code="2">gsafd</marcxml:subfield>
  </marcxml:datafield>
  <marcxml:datafield tag="655" ind1=" " ind2="7">
    <marcxml:subfield code="a">Suspense fiction.</marcxml:subfield>
    <marcxml:subfield code="2">gsafd</marcxml:subfield>
  </marcxml:datafield>
  <marcxml:datafield tag="856" ind1="4" ind2="2">
    <marcxml:subfield code="3">Cover image</marcxml:subfield>
    <marcxml:subfield code="u">http://www.netread.com/jcusers2/bk1388/108/9780374104108/image/lgcover.9780374104108.jpg</marcxml:subfield>
  </marcxml:datafield>
  <marcxml:datafield tag="923" ind1=" " ind2=" ">
    <marcxml:subfield code="a">Purchase</marcxml:subfield>
    <marcxml:subfield code="d">20171204</marcxml:subfield>
    <marcxml:subfield code="n">337988</marcxml:subfield>
    <marcxml:subfield code="s">Amazon</marcxml:subfield>
  </marcxml:datafield>
</marcxml:record>
